<collection xmlns="http://www.loc.gov/MARC21/slim"><record><leader>00722nam  2200229   450</leader><controlfield tag="001">71</controlfield><controlfield tag="003">http://montalegre.opacnet.com/OPAC/default.aspx?ContentAreaControl=ShowRegHoldings.ascx&amp;RegNo=16662</controlfield><datafield tag="021" ind1=" " ind2=" "><subfield code="a">PT</subfield><subfield code="b">83949</subfield></datafield><datafield tag="095" ind1=" " ind2=" "><subfield code="a">PTBN00031271</subfield></datafield><datafield tag="100" ind1=" " ind2=" "><subfield code="a">20061013d1987    k  y0pora010305  ba</subfield></datafield><datafield tag="101" ind1="1" ind2=" "><subfield code="a">por</subfield><subfield code="c">fre</subfield></datafield><datafield tag="102" ind1=" " ind2=" "><subfield code="a">PT</subfield></datafield><datafield tag="200" ind1="1" ind2=" "><subfield code="a">&lt;O &gt;inferno</subfield><subfield code="f">René Belletto</subfield><subfield code="g">trad. Miguel Joäo Carvalho de Moura</subfield></datafield><datafield tag="210" ind1=" " ind2=" "><subfield code="a">Lisboa</subfield><subfield code="c">Quetzal</subfield><subfield code="d">1987</subfield></datafield><datafield tag="215" ind1=" " ind2=" "><subfield code="a">282 p.</subfield><subfield code="d">21 cm</subfield></datafield><datafield tag="225" ind1="2" ind2=" "><subfield code="a">Nova narrativa</subfield></datafield><datafield tag="304" ind1=" " ind2=" "><subfield code="a">Tít. orig. L'enfer</subfield></datafield><datafield tag="675" ind1=" " ind2=" "><subfield code="a">821</subfield><subfield code="v">BN</subfield><subfield code="z">por</subfield></datafield><datafield tag="700" ind1=" " ind2="1"><subfield code="a">Belleto</subfield><subfield code="b">René</subfield><subfield code="f">1945</subfield></datafield><datafield tag="702" ind1=" " ind2="1"><subfield code="a">Moura</subfield><subfield code="b">Miguel João Carvalho</subfield><subfield code="4">730</subfield></datafield><datafield tag="801" ind1=" " ind2="0"><subfield code="a">PT</subfield><subfield code="b">Biblioteca Municipal de Montalegre</subfield><subfield code="g">RPC</subfield></datafield><datafield tag="856" ind1=" " ind2=" "><subfield code="u">locateMedia.asp?cod=20060508141506&amp;ext=jpg</subfield><subfield code="z">CAPA</subfield></datafield><datafield tag="909" ind1="&#9;" ind2=" "><subfield code="a">1</subfield></datafield><datafield tag="966" ind1=" " ind2=" "><subfield code="a">0008267</subfield><subfield code="l">BMM</subfield><subfield code="s">SCG 821 BEL inf</subfield></datafield></record></collection>